<?xml version="1.0" encoding="UTF-8"?><collection xmlns="http://www.loc.gov/MARC21/slim"><record><leader>00348nam--2200121-i-4500</leader><controlfield tag="001">000032309</controlfield><controlfield tag="002">20161230</controlfield><controlfield tag="005">20161230201039</controlfield><controlfield tag="008">060222s1000------------r-----000-0-eng-d</controlfield><datafield ind1=" " ind2=" " tag="080"><subfield code="a">681.3.012</subfield></datafield><datafield ind1=" " ind2=" " tag="245"><subfield code="a">Microprocessors. their development and appl. the complete.</subfield></datafield><datafield ind1=" " ind2=" " tag="260"><subfield code="a">Cleeve Road, Era Technology Ltd.,1979. Xiii + 305p. + P.Dif</subfield></datafield><datafield ind1=" " ind2=" " tag="852"><subfield code="a">47443</subfield></datafield></record></collection>